@online{Stundenplan,
  author = {ZHAW},
  title = {{ZHAW Stundenplan}},
  year = 2019,
  url = {http://stundenplan.zhaw.ch},
  urldate = {2019-05-27}
}

@online{AppAndroid,
  author = {ZHAW},
  title = {{ZHAW Engineering CampusInfo Android App}},
  year = 2019,
  url = {https://play.google.com/store/apps/details?id=ch.zhaw.init.android.campusinfo},
  urldate = {2019-05-27}
}

@online{AppIOS,
  author = {ZHAW},
  title = {{ZHAW Engineering CampusInfo iOS App}},
  year = 2019,
  url = {https://itunes.apple.com/ch/app/zhaw-engineering-campusinfo/id715684381},
  urldate = {2019-05-27}
}

@online{SVSite,
  author = {{SV Group}},
  title = {{SV Group Menuplan}},
  year = 2019,
  url = {http://technikum.sv-restaurant.ch/de/menuplan/},
  urldate = {2019-05-27}
}

@online{VszhawNews,
  author = {vszhaw},
  title = {{vszhaw News Feed}},
  year = 2019,
  url = {https://www.vszhaw.ch/},
  urldate = {2019-05-27}
}

@online{VszhawCalendar,
  author = {vszhaw},
  title = {{vszhaw Calendar}},
  year = 2019,
  url = {https://www.vszhaw.ch/events/},
  urldate = {2019-05-27}
}

@online{OurGithub,
  author = {{Dominik Bachmann, Julian Visser}},
  title = {{ZHAWo Github repository}},
  year = 2019,
  url = {https://github.com/zhaw-timetable/zhawo},
  urldate = {2019-05-27}
}

@online{OurCoverage,
  author = {{Dominik Bachmann, Julian Visser}},
  title = {{ZHAWo Codecov project}},
  year = 2019,
  url = {https://codecov.io/gh/zhaw-timetable/zhawo/},
  urldate = {2019-05-27}
}

@online{Travis,
  author = {travis-ci.org},
  title = {{Travis CI}},
  year = 2019,
  url = {https://travis-ci.org/},
  urldate = {2019-05-27}
}

@online{Codecov,
  author = {codecov.io},
  title = {{Codecov}},
  year = 2019,
  url = {https://codecov.io/},
  urldate = {2019-05-27}
}

@online{OurHost,
  author = {{Dominik Bachmann, Julian Visser}},
  title = {{ZHAWo}},
  year = 2019,
  url = {https://zhawo.ml},
  urldate = {2019-05-27}
}

@online{Flux,
  author = {Facebook},
  title = {{Flux}},
  year = 2014,
  url = {http://facebook.github.io/flux/},
  urldate = {2019-05-27}
}

@online{Node,
  author = {nodejs.org},
  title = {{NodeJS}},
  year = 2019,
  url = {https://nodejs.org},
  urldate = {2019-05-27}
}

@online{React,
  author = {reactjs.org},
  title = {{ReactJS}},
  year = 2019,
  url = {https://reactjs.org},
  urldate = {2019-05-27}
}

@online{JSX,
  author = {reactjs.org},
  title = {{JSX}},
  year = 2019,
  url = {https://reactjs.org/docs/introducing-jsx.html},
  urldate = {2019-05-27}
}

@online{Express,
  author = {expressjs.com},
  title = {{ExpressJS}},
  year = 2019,
  url = {https://expressjs.com/},
  urldate = {2019-05-27}
}

@online{PWA,
  author = {Google},
  title = {{Progressive Web Apps }},
  year = 2019,
  url = {https://developers.google.com/web/progressive-web-apps/},
  urldate = {2019-05-27}
}

@online{WhatIsPWA,
  author = {Pete LePage},
  title = {{PWA Code Lab}},
  year = 2019,
  url = {https://developers.google.com/web/fundamentals/codelabs/your-first-pwapp/},
  urldate = {2019-05-27}
}

@online{ServiceWorker,
  author = {Matt Gaunt},
  title = {{Service Workers: an Introduction}},
  year = 2019,
  url = {https://developers.google.com/web/fundamentals/primers/service-workers/},
  urldate = {2019-05-27}
}

@online{Workbox,
  author = {Google},
  title = {{Workbox}},
  year = 2019,
  url = {https://developers.google.com/web/tools/workbox/},
  urldate = {2019-05-27}
}

@online{Jest,
  author = {Facebook},
  title = {{Jest}},
  year = 2019,
  url = {https://jestjs.io/},
  urldate = {2019-05-27}
}

@online{Enzyme,
  author = {Airbnb},
  title = {{Enzyme}},
  year = 2019,
  url = {https://airbnb.io/enzyme/},
  urldate = {2019-05-27}
}

@online{Lighthouse,
  author = {Google},
  title = {{Lighthouse}},
  year = 2019,
  url = {https://developers.google.com/web/tools/lighthouse/},
  urldate = {2019-05-27}
}
