@BOOK{DUMMY,
AUTHOR="John Doe",
TITLE="The Book without Title",
PUBLISHER="Dummy Publisher",
YEAR="2100",
}
@online{OurReadme,
  author = {Bachmann, Dominik and Visser, Julian},
  title = {{Readme}},
  year = 2018,
  url = {https://github.com/zhaw-timetable/zhawo},
  urldate = {2018-12-10}
}
